@inproceedings{liu2004linkable,
  title={Linkable spontaneous anonymous group signature for ad hoc groups},
  author={Liu, Joseph K and Wei, Victor K and Wong, Duncan S},
  booktitle={Australasian Conference on Information Security and Privacy},
  pages={325--335},
  year={2004},
  organization={Springer}
}

@inproceedings{tsang2004separable,
  title={Separable linkable threshold ring signatures},
  author={Tsang, Patrick P and Wei, Victor K and Chan, Tony K and Au, Man Ho and Liu, Joseph K and Wong, Duncan S},
  booktitle={International Conference on Cryptology in India},
  pages={384--398},
  year={2004},
  organization={Springer}
}

@inproceedings{paillier2005discrete,
  title={Discrete-log-based signatures may not be equivalent to discrete log},
  author={Paillier, Pascal and Vergnaud, Damien},
  booktitle={International Conference on the Theory and Application of Cryptology and Information Security},
  pages={1--20},
  year={2005},
  organization={Springer}
}

@inproceedings{au2006short,
  title={Short linkable ring signatures revisited},
  author={Au, Man Ho and Chow, Sherman SM and Susilo, Willy and Tsang, Patrick P},
  booktitle={European Public Key Infrastructure Workshop},
  pages={101--115},
  year={2006},
  organization={Springer}
}

@inproceedings{bender2006ring,
  title={Ring signatures: Stronger definitions, and constructions without random oracles},
  author={Bender, Adam and Katz, Jonathan and Morselli, Ruggero},
  booktitle={Theory of Cryptography Conference},
  pages={60--79},
  year={2006},
  organization={Springer}
}

@inproceedings{backes2019ring,
  title={Ring signatures: Logarithmic-size, no setup—from standard assumptions},
  author={Backes, Michael and D{\"o}ttling, Nico and Hanzlik, Lucjan and Kluczniak, Kamil and Schneider, Jonas},
  booktitle={Annual International Conference on the Theory and Applications of Cryptographic Techniques},
  pages={281--311},
  year={2019},
  organization={Springer}
}

@article{straus1964addition,
  title={Addition chains of vectors (problem 5125)},
  author={Straus, Ernst G},
  journal={American Mathematical Monthly},
  volume={70},
  number={806-808},
  pages={16},
  year={1964}
}

@article{pippenger1980evaluation,
  title={On the evaluation of powers and monomials},
  author={Pippenger, Nicholas},
  journal={SIAM Journal on Computing},
  volume={9},
  number={2},
  pages={230--250},
  year={1980},
  publisher={SIAM}
}

@article{noether2016ring,
  title={Ring confidential transactions},
  author={Noether, Shen and Mackenzie, Adam and others},
  journal={Ledger},
  volume={1},
  pages={1--18},
  year={2016}
}

@inproceedings{zhang2002id,
  title={{ID}-based blind signature and ring signature from pairings},
  author={Zhang, Fangguo and Kim, Kwangjo},
  booktitle={International Conference on the Theory and Application of Cryptology and Information Security},
  pages={533--547},
  year={2002},
  organization={Springer}
}

@inproceedings{bulletproofs,
  title={Bulletproofs: Short proofs for confidential transactions and more},
  author={B{\"u}nz, Benedikt and Bootle, Jonathan and Boneh, Dan and Poelstra, Andrew and Wuille, Pieter and Maxwell, Greg},
  booktitle={2018 IEEE Symposium on Security and Privacy (SP)},
  pages={315--334},
  year={2018},
  organization={IEEE}
}

@misc{van2013cryptonote,
  title={Crypto{N}ote v 2.0},
  author={Van Saberhagen, Nicolas},
  year={2013}
}

@inproceedings{hoffmann2019efficient,
  title={Efficient zero-knowledge arguments in the discrete log setting, revisited},
  author={Hoffmann, Max and Kloo{\ss}, Michael and Rupp, Andy},
  booktitle={Proceedings of the 2019 ACM SIGSAC Conference on Computer and Communications Security},
  pages={2093--2110},
  year={2019}
}

@inproceedings{rivest,
  title={How to leak a secret},
  author={Rivest, Ronald L and Shamir, Adi and Tauman, Yael},
  booktitle={International Conference on the Theory and Application of Cryptology and Information Security},
  pages={552--565},
  year={2001},
  organization={Springer}
}

@inproceedings{groth,
  title={On the size of pairing-based non-interactive arguments},
  author={Groth, Jens},
  booktitle={Annual International Conference on the Theory and Applications of Cryptographic Techniques},
  pages={305--326},
  year={2016},
  organization={Springer}
}

@inproceedings{ben2014succinct,
  title={Succinct non-interactive zero knowledge for a von {N}eumann architecture},
  author={Ben-Sasson, Eli and Chiesa, Alessandro and Tromer, Eran and Virza, Madars},
  booktitle={23rd $\{$USENIX$\}$ Security Symposium ($\{$USENIX$\}$ Security 14)},
  pages={781--796},
  year={2014}
}

@inproceedings{groth2018updatable,
  title={Updatable and universal common reference strings with applications to zk-{SNARK}s},
  author={Groth, Jens and Kohlweiss, Markulf and Maller, Mary and Meiklejohn, Sarah and Miers, Ian},
  booktitle={Annual International Cryptology Conference},
  pages={698--728},
  year={2018},
  organization={Springer}
}

@inproceedings{abe20021,
  title={1-out-of-n signatures from a variety of keys},
  author={Abe, Masayuki and Ohkubo, Miyako and Suzuki, Koutarou},
  booktitle={International Conference on the Theory and Application of Cryptology and Information Security},
  pages={415--432},
  year={2002},
  organization={Springer}
}

@article{moser2018empirical,
  title={An empirical analysis of traceability in the {M}onero blockchain},
  author={M{\"o}ser, Malte and Soska, Kyle and Heilman, Ethan and Lee, Kevin and Heffan, Henry and Srivastava, Shashvat and Hogan, Kyle and Hennessey, Jason and Miller, Andrew and Narayanan, Arvind and others},
  journal={Proceedings on Privacy Enhancing Technologies},
  volume={2018},
  number={3},
  pages={143--163},
  year={2018},
  publisher={De Gruyter Open}
}

@inproceedings{fujisaki2007traceable,
  title={Traceable ring signature},
  author={Fujisaki, Eiichiro and Suzuki, Koutarou},
  booktitle={International Workshop on Public Key Cryptography},
  pages={181--200},
  year={2007},
  organization={Springer}
}

@article{schnorr1991efficient,
  title={Efficient signature generation by smart cards},
  author={Schnorr, Claus-Peter},
  journal={Journal of cryptology},
  volume={4},
  number={3},
  pages={161--174},
  year={1991},
  publisher={Springer}
}

@article{quesnelle2017linkability,
  title={On the linkability of {Z}cash transactions},
  author={Quesnelle, Jeffrey},
  journal={arXiv preprint arXiv:1712.01210},
  year={2017}
}

@inproceedings{fujisaki2011sub,
  title={Sub-linear size traceable ring signatures without random oracles},
  author={Fujisaki, Eiichiro},
  booktitle={Cryptographers’ Track at the RSA Conference},
  pages={393--415},
  year={2011},
  organization={Springer}
}

@article{gu2018constant,
  title={Constant Size Traceable Ring Signature Scheme without Random Oracles.},
  author={Gu, Ke and Wu, Na},
  journal={IACR Cryptology ePrint Archive},
  volume={2018},
  pages={288},
  year={2018}
}

@inproceedings{yang2015lightweight,
  title={Lightweight anonymous authentication for ad hoc group: A ring signature approach},
  author={Yang, Xu and Wu, Wei and Liu, Joseph K and Chen, Xiaofeng},
  booktitle={International Conference on Provable Security},
  pages={215--226},
  year={2015},
  organization={Springer}
}
