@InProceedings{groth,
author="Groth, Jens
and Kohlweiss, Markulf",
editor="Oswald, Elisabeth
and Fischlin, Marc",
title="One-Out-of-Many Proofs: Or How to Leak a Secret and Spend a Coin",
booktitle="Advances in Cryptology - EUROCRYPT 2015",
year="2015",
publisher="Springer Berlin Heidelberg",
address="Berlin, Heidelberg",
pages="253--280",
isbn="978-3-662-46803-6"
}

@InProceedings{bootle,
author="Bootle, Jonathan
and Cerulli, Andrea
and Chaidos, Pyrros
and Ghadafi, Essam
and Groth, Jens
and Petit, Christophe",
editor="Pernul, G{\"u}nther
and Y A Ryan, Peter
and Weippl, Edgar",
title="Short Accountable Ring Signatures Based on {DDH}",
booktitle="Computer Security -- ESORICS 2015",
year="2015",
publisher="Springer International Publishing",
address="Cham",
pages="243--265",
isbn="978-3-319-24174-6"
}

@article{straus,
  title={Addition chains of vectors (problem 5125)},
  author={Straus, Ernst G},
  journal={American Mathematical Monthly},
  volume={70},
  number={806-808},
  pages={16},
  year={1964}
}

@article{pippenger,
  title={On the evaluation of powers and monomials},
  author={Pippenger, Nicholas},
  journal={SIAM Journal on Computing},
  volume={9},
  number={2},
  pages={230--250},
  year={1980},
  publisher={SIAM}
}

@inproceedings{bulletproofs,
  title={Bulletproofs: Short proofs for confidential transactions and more},
  author={B{\"u}nz, Benedikt and Bootle, Jonathan and Boneh, Dan and Poelstra, Andrew and Wuille, Pieter and Maxwell, Greg},
  booktitle={2018 IEEE Symposium on Security and Privacy (SP)},
  pages={315--334},
  year={2018},
  organization={IEEE}
}

@InProceedings{cramer,
author="Cramer, Ronald
and Damg{\aa}rd, Ivan
and Schoenmakers, Berry",
editor="Desmedt, Yvo G.",
title="Proofs of Partial Knowledge and Simplified Design of Witness Hiding Protocols",
booktitle="Advances in Cryptology --- CRYPTO '94",
year="1994",
publisher="Springer Berlin Heidelberg",
address="Berlin, Heidelberg",
pages="174--187",
isbn="978-3-540-48658-9"
}

@InProceedings{dodis,
author="Dodis, Yevgeniy
and Yampolskiy, Aleksandr",
editor="Vaudenay, Serge",
title="A Verifiable Random Function with Short Proofs and Keys",
booktitle="Public Key Cryptography - PKC 2005",
year="2005",
publisher="Springer Berlin Heidelberg",
address="Berlin, Heidelberg",
pages="416--431",
isbn="978-3-540-30580-4"
}

@misc{omniring,
    author = {Russell W. F. Lai and Viktoria Ronge and Tim Ruffing and Dominique Schr\"{o}der and Sri Aravinda Krishnan Thyagarajan and Jiafan Wang},
    title = {Omniring: Scaling Up Private Payments Without Trusted Setup - Formal Foundations and Constructions of Ring Confidential Transactions with Log-size Proofs},
    howpublished = {Cryptology ePrint Archive, Report 2019/580},
    year = {2019},
    note = {\url{https://eprint.iacr.org/2019/580}},
}

@misc{rct3,
    author = {Tsz Hon Yuen and Shi{-}feng Sun and Joseph K. Liu and Man Ho Au and Muhammed F. Esgin and Qingzhao Zhang and Dawu Gu},
    title = {Ring{CT} 3.0 for Blockchain Confidential Transaction: Shorter Size and Stronger Security},
    howpublished = {Cryptology ePrint Archive, Report 2019/508},
    year = {2019},
    note = {\url{https://eprint.iacr.org/2019/508}},
}

@Article{musig,
author="Maxwell, Gregory
and Poelstra, Andrew
and Seurin, Yannick
and Wuille, Pieter",
title="Simple {S}chnorr multi-signatures with applications to {B}itcoin",
journal="Designs, Codes and Cryptography",
year="2019",
month="Sep",
day="01",
volume="87",
number="9",
pages="2139--2164",
issn="1573-7586",
doi="10.1007/s10623-019-00608-x",
url="https://doi.org/10.1007/s10623-019-00608-x"
}

@misc{clsag,
    author = {Brandon Goodell and Sarang Noether and Arthur Blue},
    title = {Compact linkable ring signatures and applications},
    howpublished = {Cryptology ePrint Archive, Report 2019/654},
    year = {2019},
    note = {\url{https://eprint.iacr.org/2019/654}},
}